%% This BibTeX bibliography file was created using BibDesk.
%% http://bibdesk.sourceforge.net/


%% Created for enzo at 2016-02-12 12:20:29 +0100 


%% Saved with string encoding Unicode (UTF-8) 



@url{de2014predicate,
	Author = {De Cat, Broes and Bogaerts, Bart and Bruynooghe, Maurice and Denecker, Marc},
	Date-Added = {2016-02-12 11:18:34 +0000},
	Date-Modified = {2016-02-12 11:18:58 +0000},
	Journal = {arXiv preprint arXiv:1401.6312},
	Title = {Predicate logic as a modelling language: The IDP system},
	Year = {2014},
	URL = {dtai.cs.kuleuven.be/krr/software/idp}}

@inproceedings{zaki1997new,
	Author = {Zaki, Mohammed Javeed and Parthasarathy, Srinivasan and Ogihara, Mitsunori and Li, Wei and others},
	Booktitle = {KDD},
	Date-Added = {2016-02-11 22:14:11 +0000},
	Date-Modified = {2016-02-11 22:14:11 +0000},
	Pages = {283--286},
	Title = {New Algorithms for Fast Discovery of Association Rules.},
	Volume = {97},
	Year = {1997}}

@inproceedings{pei2001prefixspan,
	Author = {Pei, Jian and Han, Jiawei and Mortazavi-Asl, Behzad and Pinto, Helen and Chen, Qiming and Dayal, Umeshwar and Hsu, Mei-Chun},
	Booktitle = {icccn},
	Date-Added = {2016-02-11 22:11:54 +0000},
	Date-Modified = {2016-02-11 22:11:54 +0000},
	Organization = {IEEE},
	Pages = {0215},
	Title = {Prefixspan: Mining sequential patterns efficiently by prefix-projected pattern growth},
	Year = {2001}}

@inproceedings{yan2002gspan,
	Author = {Yan, Xifeng and Han, Jiawei},
	Booktitle = {Data Mining, 2002. ICDM 2003. Proceedings. 2002 IEEE International Conference on},
	Date-Added = {2016-02-11 21:56:42 +0000},
	Date-Modified = {2016-02-11 21:56:42 +0000},
	Organization = {IEEE},
	Pages = {721--724},
	Title = {gspan: Graph-based substructure pattern mining},
	Year = {2002}}
